<?xml version="1.0" encoding="UTF-8"?><collection xmlns="http://www.loc.gov/MARC21/slim"><record><leader>00545nam--2200193-i-4500</leader><controlfield tag="001">000021027</controlfield><controlfield tag="002">20161230</controlfield><controlfield tag="005">20161230201034</controlfield><controlfield tag="008">060222s1000------------r-----000-0-rus-d</controlfield><datafield ind1=" " ind2=" " tag="040"><subfield code="a">IFIN-HH</subfield></datafield><datafield ind1=" " ind2=" " tag="041"><subfield code="a">rus</subfield></datafield><datafield ind1=" " ind2=" " tag="080"><subfield code="a">539.19</subfield></datafield><datafield ind1="1" ind2=" " tag="100"><subfield code="a">Mizushima, San-ichiro</subfield></datafield><datafield ind1="1" ind2="0" tag="245"><subfield code="a">Stroenie molekul i vnutrennee vrasenie</subfield></datafield><datafield ind1=" " ind2=" " tag="260"><subfield code="a">Moskva</subfield><subfield code="b">Inistrannoi Literaturi</subfield><subfield code="c">1957</subfield></datafield><datafield ind1=" " ind2=" " tag="300"><subfield code="a">263P</subfield></datafield><datafield ind1=" " ind2=" " tag="500"><subfield code="a">Titlul Original In Limba Engleza: Structure Of Molecules And Internal Rotation</subfield></datafield><datafield ind1=" " ind2=" " tag="852"><subfield code="a">4979</subfield><subfield code="c">539.19</subfield></datafield><datafield ind1=" " ind2=" " tag="CAT"><subfield code="a">Sys</subfield><subfield code="c">20120712</subfield><subfield code="h">121215</subfield></datafield></record></collection>